

@BOOK{latex,
  title = {LaTeX : A Documentation Preparation System User's Guide and Reference Manual},
  publisher = {Addison-Wesley Professional},
  year = {1994},
  author = {Leslie Lamport}
}

@ARTICLE{matrix,
  title = {An Efficient and Simple Algorithm for Matrix Inversion},
  publisher = {International Journal of Technology Diffusion},
  year = {2010},
  author = {Ahmad Farooq, Khan Hamid}
}
